821 1325
365 109 473 125 -50-

109 153 177 169 vocamr
189 152 270 169 ornant-isl
293 152 326 169 Nec
339 152 416 169 maiorem
431 152 511 173 probandi
526 152 558 168 vim
572 152 623 168 habet
638 151 731 173 explicandi

109 179 152 195 ratio
167 178 241 198 aliorum,
257 183 290 199 quo
304 179 321 194 in
336 183 403 194 numero
417 180 443 194 est
457 178 602 194 Braumueller
616 180 639 199 (pl
651 179 686 198 l5);
702 178 731 198 qui

109 204 139 220 viri
149 204 193 220 docti
204 205 271 225 praeter
278 204 310 220 vim
318 205 461 220 commemoratam
469 209 537 220 numero
544 204 626 225 plurativo
635 203 732 220 adscribunt

109 235 150 250 eam,
166 236 199 251 qua
210 230 323 251 exprimuntur
335 230 377 246 alias
388 230 457 246 affectus
469 230 545 250 rationes,
561 231 611 250 atque
626 231 644 246 ut
655 229 731 250 exemplo

108 255 188 272 illustrem
200 256 292 277 perspicuo,
303 255 363 277 plurali
374 257 424 272 hactus
435 256 484 272 etiam
496 257 542 275 fletus
553 257 570 272 et
578 257 652 275 planctus
661 257 731 275 pectoris

108 283 125 298 et
136 281 200 302 similia,
215 282 275 303 quibus
290 282 344 298 luctus
360 283 417 303 aperte
432 282 533 301 ostendatur,
548 282 627 298 contineri
643 281 731 297 affirmant.

108 307 188 324 Neutrum
199 309 254 324 autem
265 307 383 329 interpretandi
395 313 446 328 genus
457 307 511 324 valere
522 309 581 328 potest,
592 313 629 324 eum
641 307 732 323 abhorreat

108 333 130 350 ab
142 333 185 350 omni
196 333 265 354 pluralis
279 335 346 354 naturs;
357 335 444 355 praeterea
455 333 513 349 mirum
523 335 549 350 est
555 333 644 354 scriptores
652 338 683 349 nou
691 338 731 349 usne

108 364 144 376 esee
155 359 187 375 hac
198 359 262 375 dicendi
274 359 342 379 ratione,
354 364 401 380 quae,
413 365 449 376 cum
461 361 504 375 esset
519 361 553 375 tam
568 359 627 378 brevis,
642 359 731 375 admodum

108 385 167 402 fuisset
177 386 221 406 apta.

152 411 186 427 Iam
198 411 260 427 animos
271 411 375 427 intendamus
383 411 404 427 ad
412 411 475 432 singula
483 410 542 427 Catulli
550 410 625 432 exempla
632 416 652 427 ac
659 411 731 432 primum

109 442 177 458 agamus
188 437 208 453 de
216 437 270 453 verbis
280 438 330 453 hzvrm
341 438 358 453 et
365 442 448 453 maerores.
471 438 528 453 Luctus
535 437 602 458 proprie
611 438 636 453 est
645 437 731 457 aegritudo

110 468 130 479 ex
142 463 177 479 eius
188 463 216 484 qui
228 468 276 479 carus
287 462 337 479 suerit
348 463 415 479 interitu
427 463 487 479 acerbo
498 462 537 483 (Cio.
545 462 592 479 Tusc.
604 463 626 479 1v
635 463 670 484 18),
681 462 732 479 latius

109 490 164 505 tamen
181 489 261 510 accipitur
276 493 306 510 pro
323 488 379 505 dolore
396 494 416 505 ex
433 494 530 509 quacunque
547 489 622 509 graviore
637 488 732 505 calamitate

109 516 193 536 concepto.
215 515 261 535 Quas
269 514 371 531 calamitates
383 515 396 531 si
407 516 508 536 repetuntur,
519 515 572 530 luctus
580 519 645 535 quoque
653 514 731 535 iteratur3

109 546 161 561 quare
177 546 208 557 vox
225 546 287 557 summo
303 541 338 557 iure
353 540 425 557 adsumit
441 545 525 557 numerum
542 540 646 561 plurativum.
675 540 731 561 Neque

109 567 160 587 igitur
171 567 272 586 mirabimur,
284 566 327 587 quod
339 567 400 586 Cioero,
416 572 453 583 cum
464 566 504 582 dicit
515 567 532 582 iu
544 566 636 582 uuiversum
648 566 668 582 de
679 567 731 582 morte

110 592 198 612 hominum,
213 592 286 608 admittit
296 592 375 613 pluralem
391 592 445 614 (Tusc.
459 592 470 607 V
484 593 518 613 16),
534 592 608 613 adaeque
623 592 731 608 iudicabimus

110 618 130 634 de
141 618 161 634 iis
172 618 217 638 locis,
229 618 256 634 ubi
271 618 298 634 ille
309 620 365 634 orator
377 618 407 634 sub
422 618 454 634 hac
469 618 527 634 vocula
541 618 613 639 intellegi
628 618 663 634 vult
677 618 731 634 varias

111 644 135 660 rei
146 644 222 665 publicae
233 644 340 664 calamitates,
352 644 401 660 veluti
413 644 429 660 iu
436 644 481 660 Verr,
489 644 512 660 Ill
522 645 562 665 207;
573 644 593 660 de
599 649 643 665 prov.
650 649 694 660 cons.
702 645 731 664 ³23

109 670 126 686 in
131 670 163 686 Pis.
172 671 197 686 22.
208 670 245 686 Uno
253 670 322 691 denique
330 670 365 686 loco
371 670 425 691 (Tusc.
434 670 457 686 111
465 670 492 690 58)
502 670 582 691 pluralem
590 675 620 691 per
628 675 731 686 numerorum

110 696 225 712 attractionem
237 697 291 712 ortum
299 701 334 712 esse
342 696 441 717 putabimus*
464 696 485 712 At
493 696 518 712 bis
525 696 571 717 ponit
579 696 663 717 pluralem,
674 701 731 717 quam-

110 727 158 743 quam
171 722 245 743 quaestio
258 724 282 738 est
293 722 313 739 de
324 727 356 738 uno
368 722 413 738 luctu
425 722 472 738 unius
483 722 557 742 heminis,
569 722 603 738 scil.
614 722 634 738 de
645 722 671 738 off.
683 722 691 738 1
703 723 731 742 323

110 748 133 764 Ill
149 750 175 764 94.
205 748 284 768 Quoniam
301 748 363 769 egimus
383 748 403 764 de
419 750 502 769 postremo
519 748 555 764 loeo
570 749 592 769 (p.
604 749 636 769 29),
656 748 696 764 satis
711 748 732 764 sit

111 779 246 790 commemorasse
263 774 332 790 alterum
350 774 423 791 eiusdem
440 779 474 791 esse
494 774 565 795 generis;
583 774 658 790 subvenit
677 776 731 790 autem

110 801 176 816 nostrae
187 800 252 820 rationi,
269 800 312 821 quod
324 800 384 817 Caesar
398 802 415 816 et
429 800 515 816 Sallustius
530 800 578 816 huius
593 800 636 816 vocis
651 800 731 821 pluralem

109 831 142 842 non
152 826 266 842 adhibuerunt.

155 851 243 872 Catullum,
262 852 290 873 qui
307 852 332 868 bis
349 852 427 868 exhibeat
446 857 530 868 numerum
547 852 646 873 plurativum
663 852 732 868 nominis

110 879 165 897 luctus,
181 879 206 897 64,
222 879 239 894 71
257 878 351 894 discessisse
366 883 376 894 a
392 883 466 894 sermone
481 878 554 899 pedestri
570 883 620 899 nege;
642 883 674 899 quo
695 877 732 894 looo

110 903 170 925 plurali
181 904 242 924 optime
253 904 366 925 significantur
377 904 415 920 illae
428 904 477 920 animi
490 904 545 920 tristes
557 904 656 924 affectiones,
673 904 732 925 quibus

110 930 169 950 iterum
190 931 239 950 atque
260 930 320 946 iterum
342 931 416 946 amantes
434 930 552 951 opprimuntur.
586 931 607 946 At
625 931 682 946 contra
700 929 732 945 alio

110 955 146 972 loco
158 955 185 976 qui
197 957 222 972 est
234 957 259 976 64,
271 957 302 972 226
314 956 365 972 verbo
377 958 428 972 luctus
438 956 525 972 denotatur
536 956 584 972 unius
593 956 642 976 Aegei
655 955 701 972 dolor
712 960 732 971 ex

110 981 178 998 interitu
186 981 248 998 Thesei.
267 982 311 1002 Ergo
319 981 398 1002 pluralem
409 982 436 998 hio
445 982 510 1003 poetica
517 987 553 998 cum
561 982 628 998 licentia
635 983 731 1002 usurpatum

110 1012 146 1024 esse
158 1008 241 1024 uonuedes.

154 1033 198 1050 Idem
210 1034 278 1050 dicimus
290 1033 310 1050 de
320 1039 388 1050 numero
401 1033 482 1055 plurativo
499 1034 533 1050 eius
545 1034 619 1053 nominis,
634 1033 678 1054 quod
690 1033 732 1049 idem

111 1059 146 1075 fere
157 1059 200 1075 valet
212 1064 231 1075 ac
242 1059 301 1080 luctus,
313 1060 388 1076 nimirum
401 1060 421 1076 de
432 1065 511 1076 maereret
523 1061 547 1079 65,
561 1062 588 1080 153
600 1060 631 1075 hoc
642 1059 684 1075 euim
696 1059 732 1075 loco

111 1087 160 1106 poeta
176 1085 249 1106 loquitur
265 1085 284 1101 de
300 1091 329 1102 suo
344 1091 364 1101 ex
381 1086 437 1102 fratris
452 1087 504 1102 morte
518 1085 578 1102 dolore,
601 1085 672 1105 Accedit,
689 1085 732 1106 quod

112 1111 159 1127 huius
171 1112 214 1128 vocis
225 1111 304 1132 pluralem
316 1112 333 1127 in
344 1112 397 1128 soluta
409 1112 483 1128 oratione
494 1112 538 1128 illius
545 1112 605 1128 aetatis
612 1117 643 1128 non
652 1111 693 1132 legis
701 1111 732 1127 nisi

112 1137 156 1158 apud
167 1137 199 1154 Cic,
207 1137 226 1154 de
237 1137 264 1153 fin,
277 1138 283 1153 l
296 1139 320 1157 59,
332 1138 359 1153 ubi
371 1143 406 1153 eum
420 1138 504 1159 intelleges
515 1143 535 1154 ex
546 1137 575 1154 illa
586 1138 658 1159 generali
668 1137 733 1154 dicendi
